<?xml version = "1.0" encoding = "UTF-8"?><record>
  <leader>01110cas#a22003251c#4500</leader>
  <controlfield tag="005">20210408090920.0</controlfield>
  <controlfield tag="007">tu</controlfield>
  <controlfield tag="008">991120m19119999xxu#|#p##w####|####|####c</controlfield>
  <controlfield tag="003">DE-605</controlfield>
  <controlfield tag="001">990104908070206441</controlfield>
  <datafield tag="016" ind1="7" ind2=" ">
    <subfield code="a">014967758</subfield>
    <subfield code="2">DE-101b</subfield>
  </datafield>
  <datafield tag="016" ind1="7" ind2=" ">
    <subfield code="a">903128-5</subfield>
    <subfield code="2">DE-600</subfield>
  </datafield>
  <datafield tag="035" ind1=" " ind2=" ">
    <subfield code="a">(DE-605)HT012338254</subfield>
  </datafield>
  <datafield tag="040" ind1=" " ind2=" ">
    <subfield code="a">9001</subfield>
    <subfield code="b">ger</subfield>
    <subfield code="c">DNB</subfield>
    <subfield code="d">9999</subfield>
    <subfield code="e">rakwb</subfield>
  </datafield>
  <datafield tag="044" ind1=" " ind2=" ">
    <subfield code="c">XD-US</subfield>
  </datafield>
  <datafield tag="084" ind1=" " ind2=" ">
    <subfield code="a">2</subfield>
    <subfield code="2">ssgn</subfield>
  </datafield>
  <datafield tag="084" ind1=" " ind2=" ">
    <subfield code="a">650</subfield>
    <subfield code="q">DE-600</subfield>
    <subfield code="2">zdbs</subfield>
  </datafield>
  <datafield tag="110" ind1="2" ind2=" ">
    <subfield code="a">Pennsylvania</subfield>
    <subfield code="b">General Assembly</subfield>
    <subfield code="0">(DE-588)123031-1</subfield>
    <subfield code="4">aut</subfield>
    <subfield code="0">(uri) https://portal.dnb.de/opac.htm?method=simpleSearch&amp;cqlMode=true&amp;query=idn=00123031X</subfield>
    <subfield code="0">(uri) http://viaf.org/viaf/sourceID/DNB|00123031X</subfield>
    <subfield code="B">GND-00123031X</subfield>
  </datafield>
  <datafield tag="245" ind1="1" ind2="0">
    <subfield code="a">Appropriation acts of the General Assembly of the Commonwealth of Pennsylvania</subfield>
    <subfield code="b">passed at the session of ...</subfield>
  </datafield>
  <datafield tag="246" ind1="3" ind2=" ">
    <subfield code="a">Appropriation acts</subfield>
  </datafield>
  <datafield tag="264" ind1="3" ind2="1">
    <subfield code="a">Harrisburg, Pa.</subfield>
    <subfield code="c">1911-</subfield>
  </datafield>
  <datafield tag="362" ind1="0" ind2=" ">
    <subfield code="a">Nachgewiesen 1911 -</subfield>
  </datafield>
  <datafield tag="500" ind1=" " ind2=" ">
    <subfield code="a">Nebent. d. Mikrofiche-Ausg.: Appropriation acts</subfield>
    <subfield code="9">F:507</subfield>
  </datafield>
  <datafield tag="533" ind1=" " ind2=" ">
    <subfield code="a">Mikrofiche-Ausg.: Buffalo, NY : Hein</subfield>
    <subfield code="b">Buffalo, NY</subfield>
    <subfield code="c">Hein</subfield>
  </datafield>
  <datafield tag="591" ind1=" " ind2=" ">
    <subfield code="a">Vereinfachte Katalogisierung gem. OCLC WorldCat/Scha&lt;0001&gt;,05.12.08</subfield>
  </datafield>
  <datafield tag="964" ind1="0" ind2="s">
    <subfield code="F">030</subfield>
    <subfield code="A">b|1dcz|z|||27</subfield>
  </datafield>
  <datafield tag="964" ind1="0" ind2="s">
    <subfield code="F">050</subfield>
    <subfield code="A">a|a|||||||||||</subfield>
  </datafield>
  <datafield tag="964" ind1="0" ind2="s">
    <subfield code="F">052</subfield>
    <subfield code="A">pag||||a|||||||</subfield>
  </datafield>
  <datafield tag="035" ind1=" " ind2=" ">
    <subfield code="a">(DE-600)903128-5</subfield>
  </datafield>
  <datafield tag="035" ind1=" " ind2=" ">
    <subfield code="a">(DE-599)ZDB903128-5</subfield>
  </datafield>
  <datafield tag="MBD" ind1=" " ind2=" ">
    <subfield code="M">49HBZ_NETWORK</subfield>
    <subfield code="i">990104908070206441</subfield>
    <subfield code="n">HBZ Network</subfield>
  </datafield>
  <datafield tag="MNG" ind1=" " ind2=" ">
    <subfield code="c">System</subfield>
    <subfield code="f">ILS</subfield>
    <subfield code="i">marc21</subfield>
    <subfield code="k">01</subfield>
    <subfield code="e">false</subfield>
    <subfield code="d">2022-06-24 04:20:51 Europe/Berlin</subfield>
    <subfield code="g">010490807-HBZ01</subfield>
    <subfield code="j">00</subfield>
    <subfield code="a">import</subfield>
    <subfield code="b">2021-04-05 21:01:23 Europe/Berlin</subfield>
  </datafield>
  <datafield tag="GKT" ind1="2" ind2=" ">
    <subfield code="a">General Assembly</subfield>
    <subfield code="g">Pennsylvania</subfield>
    <subfield code="A">GND</subfield>
    <subfield code="B">GND-00123031X</subfield>
    <subfield code="C">410</subfield>
  </datafield>
  <datafield tag="GSI" ind1="7" ind2=" ">
    <subfield code="a">123031-1</subfield>
    <subfield code="0">http://d-nb.info/gnd/123031-1</subfield>
    <subfield code="2">gnd</subfield>
    <subfield code="A">GND</subfield>
    <subfield code="B">GND-00123031X</subfield>
    <subfield code="C">024</subfield>
  </datafield>
</record>